
<record>
  <leader>01776nam a22003735i 4500</leader>
  <controlfield tag="001">21353365</controlfield>
  <datafield tag="906" ind1=" " ind2=" ">
    <subfield code="a">0</subfield>
    <subfield code="b">ibc</subfield>
    <subfield code="c">origres</subfield>
    <subfield code="d">u</subfield>
    <subfield code="e">ncip</subfield>
    <subfield code="f">20</subfield>
    <subfield code="g">y-gencatlg</subfield>
  </datafield>
  <datafield tag="925" ind1="0" ind2=" ">
    <subfield code="a">acquire</subfield>
    <subfield code="b">1 shelf copy</subfield>
    <subfield code="x">policy default</subfield>
  </datafield>
  <datafield tag="955" ind1=" " ind2=" ">
    <subfield code="a">ve07 2020-01-03</subfield>
  </datafield>
  <controlfield tag="005">20200103195507.0</controlfield>
  <controlfield tag="008">191004s2019    mx            000 0 spa  </controlfield>
  <datafield tag="035" ind1=" " ind2=" ">
    <subfield code="a">(Mx-MxBFM)bfm970188688</subfield>
  </datafield>
  <datafield tag="040" ind1=" " ind2=" ">
    <subfield code="a">DLC</subfield>
    <subfield code="b">eng</subfield>
    <subfield code="c">DLC</subfield>
    <subfield code="e">rda</subfield>
  </datafield>
  <datafield tag="042" ind1=" " ind2=" ">
    <subfield code="a">pcc</subfield>
  </datafield>
  <datafield tag="043" ind1=" " ind2=" ">
    <subfield code="a">n-mx---</subfield>
  </datafield>
  <datafield tag="100" ind1="1" ind2=" ">
    <subfield code="a">Ortega Noria, Silvestre,</subfield>
    <subfield code="d">1957-</subfield>
    <subfield code="e">author.</subfield>
  </datafield>
  <datafield tag="245" ind1="1" ind2="4">
    <subfield code="a">Las normales rurales :</subfield>
    <subfield code="b">Sombrerete, Zacatecas : un caso excepcional /</subfield>
    <subfield code="c">Mtro. Silvestre Ortega Noria.</subfield>
  </datafield>
  <datafield tag="250" ind1=" " ind2=" ">
    <subfield code="a">Primera edición.</subfield>
  </datafield>
  <datafield tag="264" ind1=" " ind2="1">
    <subfield code="a">Morelia, Michoacán, México :</subfield>
    <subfield code="b">Editorial Morevalladolid,</subfield>
    <subfield code="c">2019.</subfield>
  </datafield>
  <datafield tag="300" ind1=" " ind2=" ">
    <subfield code="a">183 pages, 5 unnumbered pages :</subfield>
    <subfield code="b">illustrations, facsimiles ;</subfield>
    <subfield code="c">23 cm</subfield>
  </datafield>
  <datafield tag="336" ind1=" " ind2=" ">
    <subfield code="a">text</subfield>
    <subfield code="b">txt</subfield>
    <subfield code="2">rdacontent</subfield>
  </datafield>
  <datafield tag="337" ind1=" " ind2=" ">
    <subfield code="a">unmediated</subfield>
    <subfield code="b">n</subfield>
    <subfield code="2">rdamedia</subfield>
  </datafield>
  <datafield tag="338" ind1=" " ind2=" ">
    <subfield code="a">volume</subfield>
    <subfield code="b">nc</subfield>
    <subfield code="2">rdacarrier</subfield>
  </datafield>
  <datafield tag="500" ind1=" " ind2=" ">
    <subfield code="a">Contains photographs</subfield>
  </datafield>
  <datafield tag="504" ind1=" " ind2=" ">
    <subfield code="a">Bibliography: pages 185-188.</subfield>
  </datafield>
  <datafield tag="504" ind1=" " ind2=" ">
    <subfield code="a">Includes bibliographical references.</subfield>
  </datafield>
  <datafield tag="520" ind1=" " ind2=" ">
    <subfield code="a">Narrates 40-year history of teachers&apos; college in Zacatecas dedicated to rural schoolteachers. Reviews history of rural education during years following revolution and takes note of resistance movements by rural schoolteachers in 20th century. Final chapter is author&apos;s first-hand account of school&apos;s founding and its activities since 1979. Edition limited to 500 copies.</subfield>
  </datafield>
  <datafield tag="600" ind1="1" ind2="0">
    <subfield code="a">Ortega Noria, Silvestre,</subfield>
    <subfield code="d">1957-</subfield>
  </datafield>
  <datafield tag="650" ind1=" " ind2="0">
    <subfield code="a">Teachers colleges</subfield>
    <subfield code="z">Mexico</subfield>
    <subfield code="z">Sombrerete (Zacatecas)</subfield>
    <subfield code="x">History.</subfield>
  </datafield>
  <datafield tag="650" ind1=" " ind2="0">
    <subfield code="a">Education, Rural</subfield>
    <subfield code="z">Mexico</subfield>
    <subfield code="z">Sombrerete (Zacatecas)</subfield>
    <subfield code="x">History.</subfield>
  </datafield>
  <datafield tag="650" ind1=" " ind2="0">
    <subfield code="a">Teachers colleges</subfield>
    <subfield code="z">Mexico</subfield>
    <subfield code="x">History.</subfield>
  </datafield>
  <datafield tag="650" ind1=" " ind2="0">
    <subfield code="a">Education, Rural</subfield>
    <subfield code="z">Mexico</subfield>
    <subfield code="x">History.</subfield>
  </datafield>
  <datafield tag="923" ind1=" " ind2=" ">
    <subfield code="d">20191210</subfield>
    <subfield code="n">3555</subfield>
    <subfield code="s">Mx-MxBFM</subfield>
  </datafield>
  <datafield tag="985" ind1=" " ind2=" ">
    <subfield code="e">VENDOR LOAD</subfield>
  </datafield>
</record>